@book{sutton2018reinforcement,
  title={Reinforcement learning: An introduction},
  author={Sutton, Richard S and Barto, Andrew G},
  year={2018},
  publisher={MIT press}
}

@article{agarwal2019reinforcement,
  title={Reinforcement learning: Theory and algorithms},
  author={Agarwal, Alekh and Jiang, Nan and Kakade, Sham M and Sun, Wen},
  journal={CS Dept., UW Seattle, Seattle, WA, USA, Tech. Rep},
  pages={10--4},
  year={2019}
}

@misc{packer2019assessing,
      title={Assessing Generalization in Deep Reinforcement Learning}, 
      author={Charles Packer and Katelyn Gao and Jernej Kos and Philipp Krähenbühl and Vladlen Koltun and Dawn Song},
      year={2019},
      eprint={1810.12282},
      archivePrefix={arXiv},
      primaryClass={cs.LG}
}

@misc{cobbe2019quantifying,
      title={Quantifying Generalization in Reinforcement Learning}, 
      author={Karl Cobbe and Oleg Klimov and Chris Hesse and Taehoon Kim and John Schulman},
      year={2019},
      eprint={1812.02341},
      archivePrefix={arXiv},
      primaryClass={cs.LG}
}

@misc{baselines,
  author = {Dhariwal, Prafulla and Hesse, Christopher and Klimov, Oleg and Nichol, Alex and Plappert, Matthias and Radford, Alec and Schulman, John and Sidor, Szymon and Wu, Yuhuai and Zhokhov, Peter},
  title = {OpenAI Baselines},
  year = {2017},
  publisher = {GitHub},
  journal = {GitHub repository},
  howpublished = {\url{https://github.com/openai/baselines}},
}

@article{dqn_paper, title={Human-level control through deep reinforcement learning}, volume={518}, DOI={10.1038/nature14236}, number={7540}, journal={Nature}, author={Mnih, Volodymyr and Kavukcuoglu, Koray and Silver, David and Rusu, Andrei A. and Veness, Joel and Bellemare, Marc G. and Graves, Alex and Riedmiller, Martin and Fidjeland, Andreas K. and Ostrovski, Georg and et al.}, year={2015}, pages={529–533}} 

 @misc{wang2017sample,
      title={Sample Efficient Actor-Critic with Experience Replay}, 
      author={Ziyu Wang and Victor Bapst and Nicolas Heess and Volodymyr Mnih and Remi Munos and Koray Kavukcuoglu and Nando de Freitas},
      year={2017},
      eprint={1611.01224},
      archivePrefix={arXiv},
      primaryClass={cs.LG}
}

@misc{lillicrap2019continuous,
      title={Continuous control with deep reinforcement learning}, 
      author={Timothy P. Lillicrap and Jonathan J. Hunt and Alexander Pritzel and Nicolas Heess and Tom Erez and Yuval Tassa and David Silver and Daan Wierstra},
      year={2019},
      eprint={1509.02971},
      archivePrefix={arXiv},
      primaryClass={cs.LG}
}